<record><leader>00000cas a22000007a 4500</leader><controlfield tag="001">17463740</controlfield><controlfield tag="008">880211c19629999laujr ne      0    0eng d</controlfield><controlfield tag="009">8528</controlfield><datafield ind1=" " ind2=" " tag="010"><subfield code="a">sn 88064061 </subfield></datafield><datafield ind1=" " ind2=" " tag="040"><subfield code="a">LNP</subfield><subfield code="b">eng</subfield><subfield code="c">LNP</subfield><subfield code="d">OCLCQ</subfield><subfield code="d">LNP</subfield><subfield code="d">OCLCQ</subfield><subfield code="d">LTP</subfield><subfield code="d">OCLCO</subfield><subfield code="d">OCLCF</subfield></datafield><datafield ind1="1" ind2=" " tag="029"><subfield code="a">AU@</subfield><subfield code="b">000020497761</subfield></datafield><datafield ind1=" " ind2=" " tag="042"><subfield code="a">msc</subfield></datafield><datafield ind1="0" ind2=" " tag="130"><subfield code="a">Daily news (Bogalusa, La. : 1962)</subfield></datafield><datafield ind1="1" ind2="0" tag="245"><subfield code="a">Daily news.</subfield></datafield><datafield ind1="3" ind2="0" tag="246"><subfield code="a">Sunday news</subfield></datafield><datafield ind1=" " ind2=" " tag="260"><subfield code="a">Bogalusa, La. :</subfield><subfield code="b">Bogalusa Daily News</subfield></datafield><datafield ind1=" " ind2=" " tag="300"><subfield code="a">v.</subfield></datafield><datafield ind1=" " ind2=" " tag="310"><subfield code="a">Triweekly,</subfield><subfield code="b">&lt;Sept. 17, 2005&gt;-</subfield></datafield><datafield ind1=" " ind2=" " tag="321"><subfield code="a">Daily (except Sat. and some holidays),</subfield><subfield code="b">--&lt;Aug. 28, 2005&gt;</subfield></datafield><datafield ind1="0" ind2=" " tag="362"><subfield code="a">Vol. 36, no. 155 (Nov. 6, 1962)-</subfield></datafield><datafield ind1=" " ind2=" " tag="500"><subfield code="a">On Sunday published as: Sunday news.</subfield></datafield><datafield ind1=" " ind2=" " tag="500"><subfield code="a">Published in Bogalusa-Franklinton, Jan. 26, 1981-</subfield></datafield><datafield ind1=" " ind2="0" tag="651"><subfield code="a">Bogalusa (La.)</subfield><subfield code="v">Newspapers.</subfield></datafield><datafield ind1=" " ind2="0" tag="651"><subfield code="a">Franklinton (La.)</subfield><subfield code="v">Newspapers.</subfield></datafield><datafield ind1=" " ind2="7" tag="655"><subfield code="a">Newspapers.</subfield><subfield code="2">fast</subfield><subfield code="0">(OCoLC)fst01423814</subfield></datafield><datafield ind1=" " ind2="7" tag="651"><subfield code="a">Louisiana</subfield><subfield code="z">Bogalusa.</subfield><subfield code="2">fast</subfield><subfield code="0">(OCoLC)fst01217783</subfield></datafield><datafield ind1=" " ind2="7" tag="651"><subfield code="a">Louisiana</subfield><subfield code="z">Franklinton.</subfield><subfield code="2">fast</subfield><subfield code="0">(OCoLC)fst01228798</subfield></datafield><datafield ind1=" " ind2=" " tag="752"><subfield code="a">United States</subfield><subfield code="b">Louisiana</subfield><subfield code="c">Washington</subfield><subfield code="d">Bogalusa.</subfield></datafield><datafield ind1=" " ind2=" " tag="752"><subfield code="a">United States</subfield><subfield code="b">Louisiana</subfield><subfield code="c">Washington</subfield><subfield code="d">Franklinton.</subfield></datafield><datafield ind1="0" ind2="0" tag="780"><subfield code="t">Bogalusa daily news</subfield><subfield code="w">(DLC)sn 88064060</subfield></datafield></record>